<?xml version="1.0" encoding="UTF-8"?><collection xmlns="http://www.loc.gov/MARC21/slim"><record><leader>00360nam--2200121-i-4500</leader><controlfield tag="001">000045061</controlfield><controlfield tag="002">20161230</controlfield><controlfield tag="005">20161230201044</controlfield><controlfield tag="008">060222s1000------------r-----000-0-eng-d</controlfield><datafield ind1=" " ind2=" " tag="100"><subfield code="a">Tomonaga, Sin-itiro</subfield></datafield><datafield ind1=" " ind2=" " tag="245"><subfield code="a">Quantum mechanics. transl.from the japanese. vol.1: old quantum theory</subfield></datafield><datafield ind1=" " ind2=" " tag="260"><subfield code="a">Amsterdam, North-holland Publ.Co., 1962, Xii+313p</subfield></datafield><datafield ind1=" " ind2=" " tag="852"><subfield code="a">17827</subfield></datafield></record></collection>